@article {JGR:JGR4304,
author = {Cooper, Hilton H. and Bredehoeft, John D. and Papadopulos, Istavros S. and Bennett, Robert R.},
title = {The response of well-aquifer systems to seismic waves},
journal = {Journal of Geophysical Research},
volume = {70},
number = {16},
issn = {2156-2202},
url = {http://dx.doi.org/10.1029/JZ070i016p03915},
doi = {10.1029/JZ070i016p03915},
pages = {3915--3926},
year = {1965},
}
