@article{hsieh1987,
author = {Hsieh, Paul A. and Bredehoeft, John D. and Farr, John M.},
title = {{Determination of aquifer transmissivity from Earth tide analysis}},
journal = {Water Resources Research},
volume = {23},
number = {10},
issn = {1944-7973},
url = {http://dx.doi.org/10.1029/WR023i010p01824},
doi = {10.1029/WR023i010p01824},
pages = {1824--1832},
year = {1987},
}
