@article{liu1989,
author = {Liu, Lan-Bo and Roeloffs, Evelyn and Zheng, Xiang-Yuan},
title = {{Seismically induced water level fluctuations in the Wali Well, Beijing, China}},
journal = {Journal of Geophysical Research: Solid Earth},
volume = {94},
number = {B7},
issn = {2156-2202},
url = {http://dx.doi.org/10.1029/JB094iB07p09453},
doi = {10.1029/JB094iB07p09453},
pages = {9453--9462},
year = {1989},
}
