@incollection{roeloffs1996,
title = {{Poroelastic Techniques in the Study of Earthquake-Related Hydrologic Phenomena}},
editor = "Renata Dmowska and Barry Saltzman",
booktitle = "",
publisher = "Elsevier",
year = "1996",
volume = "37",
pages = "135 - 195",
series = "Advances in Geophysics",
issn = "0065-2687",
doi = "10.1016/S0065-2687(08)60270-8",
url = "http://www.sciencedirect.com/science/article/pii/S0065268708602708",
author = "Evelyn Roeloffs"
}

