@article{rojstaczer1988,
	author = {Rojstaczer, Stuart},
	title = {INTERMEDIATE PERIOD RESPONSE OF WATER LEVELS IN WELLS TO CRUSTAL STRAIN: SENSITIVITY AND NOISE LEVEL},
	journal = {Journal of Geophysical Research: Solid Earth},
	volume = {93},
	number = {B11},
	issn = {2156-2202},
	url = {http://dx.doi.org/10.1029/JB093iB11p13619},
	doi = {10.1029/JB093iB11p13619},
	pages = {13619-13634},
	year = {1988},
}
