@article{wang2018,
	author = {Wang, Chi-Yuen and Doan, Mai-Linh and Xue, Lian and Barbour, Andrew J.},
	title = {{Tidal Response of Groundwater in a Leaky Aquiferâ€”Application to
		Oklahoma}},
	journal = {Water Resources Research},
	volume = {54},
	number = {10},
	pages = {8019-8033},
	doi = {10.1029/2018WR022793},
	url = {https://agupubs.onlinelibrary.wiley.com/doi/abs/10.1029/2018WR022793},
	year = {2018},
}

