@article{kitagawa2011,
        Author = {Kitagawa, Yuichi and Itaba, Satoshi and Matsumoto, Norio and Koizumi, Naoji},
        Date = {2011/08/03},
        Doi = {10.1029/2010JB007794},
        Isbn = {0148-0227},
        Journal = {J. Geophys. Res.},
        Month = {08},
        Number = {B8},
        Publisher = {AGU},
        Sp = {B08301},
        Title = {Frequency characteristics of the response of water pressure in a closed well to volumetric strain in the high-frequency domain},
        Url = {http://dx.doi.org/10.1029/2010JB007794},
        Volume = {116},
        Year = {2011}
}

@article{rojstaczer1988,
author = {Rojstaczer, Stuart},
title = {INTERMEDIATE PERIOD RESPONSE OF WATER LEVELS IN WELLS TO CRUSTAL STRAIN: SENSITIVITY AND NOISE LEVEL},
journal = {Journal of Geophysical Research: Solid Earth},
volume = {93},
number = {B11},
issn = {2156-2202},
url = {http://dx.doi.org/10.1029/JB093iB11p13619},
doi = {10.1029/JB093iB11p13619},
pages = {13619--13634},
year = {1988},
}
@article{rojstaczer1988b,
author = {Rojstaczer, Stuart},
title = {Determination of fluid flow properties from the response of water levels in wells to atmospheric loading},
journal = {Water Resources Research},
volume = {24},
number = {11},
issn = {1944-7973},
url = {http://dx.doi.org/10.1029/WR024i011p01927},
doi = {10.1029/WR024i011p01927},
pages = {1927--1938},
year = {1988},
}
